
@article{sirmacek2009, 
author={Sirmacek, B. and Unsalan, C.}, 
journal={IEEE Transactions on Geoscience and Remote Sensing}, 
title={{Urban-Area and Building Detection Using SIFT Keypoints and Graph Theory}}, 
year={2009}, 
}
